@Book{thuan,
author = {Dương Công Thuận,""},
ALTeditor = {•},
title = {\emph{Phòng trị bệnh ký sinh trùng cho đàn gà nuôi gia đình}},
publisher = {NXB Nông nghiệp Hà Nội},
year = {1995},
OPTkey = {•},
OPTvolume = {•},
OPTnumber = {•},
OPTmonth = {•},
OPTnote = {Retrieved from: http://www.fao.org/docrep/012/a0740e/a0740e00.htm},
OPTannote = {•}
}
@Book{cuong,
author = {Đào Hùng Cường,"" and Hoàng Kế Chung,""},
ALTeditor = {•},
title = {\emph{Nghiên cứu chiết tách, xác định thành phần hợp chất hóa học trong hạt và rễ cây cau}},
publisher = {Tuyển tập báo cáo Hội nghị sinh viên nghiên cứu khoa học lần thứ 7. Trường Đại học Đà Nẵng},
year = {2010},
OPTkey = {•},
OPTvolume = {•},
OPTnumber = {•},
OPTmonth = {•},
OPTnote = {Retrieved from: http://www.fao.org/docrep/012/a0740e/a0740e00.htm},
OPTannote = {•}
}















