@Book{thuan,
author = {Dương Công Thuận,""},
ALTeditor = {•},
title = {\emph{Phòng trị bệnh ký sinh trùng cho đàn gà nuôi gia đình}},
publisher = {NXB Nông nghiệp Hà Nội},
year = {1995},
OPTkey = {•},
OPTvolume = {•},
OPTnumber = {•},
OPTmonth = {•},
OPTnote = {Retrieved from: http://www.fao.org/docrep/012/a0740e/a0740e00.htm},
OPTannote = {•}
}
@Book{cuong,
author = {Đào Hùng Cường,"" and Hoàng Kế Chung,""},
ALTeditor = {•},
title = {\emph{Nghiên cứu chiết tách, xác định thành phần hợp chất hóa học trong hạt và rễ cây cau}},
publisher = {Tuyển tập báo cáo Hội nghị sinh viên nghiên cứu khoa học lần thứ 7. Trường Đại học Đà Nẵng},
year = {2010},
OPTkey = {•},
OPTvolume = {•},
OPTnumber = {•},
OPTmonth = {•},
OPTnote = {Retrieved from: http://www.fao.org/docrep/012/a0740e/a0740e00.htm},
OPTannote = {•}
}
@thesis{tinh,
author = {Hoàng Thị Tĩnh,""},
title = {Tình trạng nhiễm giun, sán đường tiêu hóa của gà, một số đặc điểm sinh học của giun Ascaridia galli và biện pháp phòng trừ},
type = {Luận văn Thạc sĩ},
year = {2009},
OPTsubtitle = {•},
OPTtitleaddon = {•},
OPTlanguage = {•},
OPTnote = {•},
}
@Article{Alby,
author = {Alby Alphons Baby,"" and Regi Raphaelk,""},
title = {Potential Antimicrobial, Anthelmintic and Antioxidant Properties of Areca Catechu L. Root},
journal = {\emph{International Journal of Pharmacy and Pharmaceutical Sciences}},
year = {2014},
volume = {6},
number = {6},
OPTpages = {79–87},
OPTmonth = {11,12},
OPTnote = {https://doi.org/10.2147/IJGM.S98436},
OPTannote = {•}
}
















